<?xml version="1.0" encoding="UTF-8"?><collection xmlns="http://www.loc.gov/MARC21/slim"><record><leader>00516nam--2200193-i-4500</leader><controlfield tag="001">000020627</controlfield><controlfield tag="002">20161230</controlfield><controlfield tag="005">20161230201033</controlfield><controlfield tag="008">060222s1000------------r-----000-0-eng-d</controlfield><datafield ind1=" " ind2=" " tag="020"><subfield code="a">0125889305</subfield></datafield><datafield ind1=" " ind2=" " tag="040"><subfield code="a">IFIN-HH</subfield></datafield><datafield ind1=" " ind2=" " tag="080"><subfield code="a">666.3</subfield></datafield><datafield ind1="1" ind2=" " tag="100"><subfield code="a">Ring, Terry A</subfield></datafield><datafield ind1="1" ind2="0" tag="245"><subfield code="a">Fundamentals of ceramic powder processing and synthesis</subfield><subfield code="c">Terry a. ring</subfield></datafield><datafield ind1=" " ind2=" " tag="260"><subfield code="a">San Diego, Academic Press, 1995</subfield></datafield><datafield ind1=" " ind2=" " tag="300"><subfield code="a">961 P</subfield></datafield><datafield ind1=" " ind2=" " tag="650"><subfield code="a">Ceramic powders</subfield></datafield><datafield ind1=" " ind2=" " tag="852"><subfield code="a">80578</subfield><subfield code="c">666.1 / 666.3</subfield></datafield><datafield ind1=" " ind2=" " tag="CAT"><subfield code="a">Sys</subfield><subfield code="c">20101004</subfield><subfield code="h">102953</subfield></datafield></record></collection>